%% This BibTeX bibliography file was created using BibDesk.
%% http://bibdesk.sourceforge.net/

%% Saved with string encoding Unicode (UTF-8)



@article{an2012,
    Author = {An, Jisun and Cha, Meeyoung and Gummadi, Krishna P and Crowcroft, Jon and Quercia, Daniele},
    Journal = {Association for the Advancement of Artificial Intelligence (AAAI), Technical WS-12-11},
    Title = {Visualizing media bias through Twitter},
    Year = {2012}}


@article{arceneaux2012,
    Author = {Arceneaux, Kevin and Johnson, Martin and Murphy, Chad},
    Date-Added = {2014-02-28 04:20:41 +0000},
    Date-Modified = {2014-02-28 04:20:46 +0000},
    Journal = {The Journal of Politics},
    Number = {01},
    Pages = {174--186},
    Publisher = {Cambridge Univ Press},
    Title = {Polarized political communication, oppositional media hostility, and selective exposure},
    Volume = {74},
    Year = {2012}}

@article{bakshy2015exposure,
  title={Exposure to ideologically diverse news and opinion on Facebook},
  author={Bakshy, Eytan and Messing, Solomon and Adamic, Lada A},
  journal={Science},
  volume={348},
  number={6239},
  pages={1130--1132},
  year={2015},
  publisher={American Association for the Advancement of Science}
}

@article{barbera2015,
    Author = {Barber{\'a}, Pablo},
    Date-Added = {2015-06-21 03:59:41 +0000},
    Date-Modified = {2015-06-21 03:59:45 +0000},
    Journal = {Political Analysis},
    Number = {1},
    Pages = {76--91},
    Publisher = {SPM-PMSAPSA},
    Title = {Birds of the same feather tweet together: Bayesian ideal point estimation using Twitter data},
    Volume = {23},
    Year = {2015}}

@article{barbera2016,
  title={Follow Your Ideology: Measuring Ideological Location of Media Sources},
  author={Barber{\'a}, Pablo and Sood, Gaurav},
  year={2016}
}


@misc{barbera2013,
    Author = {Barber\'{a}, P.},
    Date-Added = {2013-11-18 16:48:42 +0000},
    Date-Modified = {2013-11-18 16:48:42 +0000},
    Howpublished = {R package available on {CRAN}},
    Title = {streamR: Access to Twitter Streaming API via R},
    Url = {http://CRAN.R-project.org/package=streamR},
    Year = {2013},
    Bdsk-Url-1 = {http://CRAN.R-project.org/package=foreign}}

@article{bennett2008,
    Author = {Bennett, W Lance and Iyengar, Shanto},
    Journal = {Journal of Communication},
    Number = {4},
    Pages = {707--731},
    Publisher = {Wiley Online Library},
    Title = {A new era of minimal effects? The changing foundations of political communication},
    Volume = {58},
    Year = {2008}}


@misc{bonica2013,
    Author = {Bonica, Adam},
    howpublished = {Stanford, CA: Stanford University Libraries.},
    url ={http://data.stanford.edu/dime},
    Title = {Database on Ideology, Money in Politics, and Elections: Public version 1.0 [Computer file]},
    Year = {2013}}

@article{bonica2013b,
    Author = {Bonica, Adam},
    Date-Added = {2014-02-26 23:32:39 +0000},
    Date-Modified = {2014-02-26 23:32:39 +0000},
    Journal = {American Journal of Political Science (forthcoming)},
    Title = {Mapping the Ideological Marketplace},
    Year = {2013}}

@article{bryant2004,
    Author = {Bryant, J. and Miron, D.},
    Date-Added = {2014-02-26 23:31:46 +0000},
    Date-Modified = {2014-02-26 23:31:46 +0000},
    Journal = {Journal of communication},
    Number = {4},
    Pages = {662--704},
    Title = {Theory and research in mass communication},
    Volume = {54},
    Year = {2004}}

@article{budak2014fair,
  title={Fair and balanced? quantifying media bias through crowdsourced content analysis},
  author={Budak, Ceren and Goel, Sharad and Rao, Justin M},
  journal={Quantifying Media Bias Through Crowdsourced Content Analysis (November 17, 2014)},
  year={2014}
}

@book{carlyle2003heroes,
  title={On Heroes, Hero-Worship and the Heroic in History 1897},
  author={Carlyle, Thomas},
  year={2003},
  publisher={Kessinger Publishing}
}

@article{carroll2008common,
  title={Common Space DW-NOMINATE Scores with Bootstrapped Standard Errors (Joint House and Senate Scaling)},
  author={Carroll, Royce and Lewis, Jeff and Lo, James and McCarty, Nolan and Poole, Keith and Rosenthal, Howard},
  journal={Accessed via http://voteview. ucsd. edu/dwnomin\_joint\_house\_and\_senate. htm September},
  volume={28},
  pages={2008},
  year={2008}
}


@article{chan2008,
    Author = {Chan, J. and Suen, W.},
    Date-Added = {2014-02-26 23:32:08 +0000},
    Date-Modified = {2014-02-26 23:32:08 +0000},
    Journal = {Review of Economic Studies},
    Number = {3},
    Pages = {699--728},
    Publisher = {Wiley Online Library},
    Title = {A spatial theory of news consumption and electoral competition},
    Volume = {75},
    Year = {2008}}


@article{clinton2004,
    Author = {Clinton, J. and Jackman, S. and Rivers, D.},
    Date-Added = {2014-02-26 23:32:33 +0000},
    Date-Modified = {2014-02-26 23:32:33 +0000},
    Journal = {American Political Science Review},
    Number = {2},
    Pages = {355--370},
    Publisher = {Cambridge Univ Press},
    Title = {The statistical analysis of roll call data},
    Volume = {98},
    Year = {2004}}


@book{cook2005,
    Author = {Cook, Timothy E.},
    Publisher = {University of Chicago Press},
    Title = {Governing with the News: The News Media as a Political Institution},
    Year = {2005}}

@article{dellavigna2007,
    Author = {DellaVigna, Stefano and Kaplan, Ethan},
    Journal = {The Quarterly Journal of Economics},
    Number = {3},
    Pages = {1187--1234},
    Publisher = {Oxford University Press},
    Title = {The Fox News effect: Media bias and voting},
    Volume = {122},
    Year = {2007}}


@techreport{dellavigna2009persuasion,
  title={Persuasion: empirical evidence},
  author={DellaVigna, Stefano and Gentzkow, Matthew},
  year={2009},
  institution={National Bureau of Economic Research}
}

@article{dilliplane2011all,
  title={All the news you want to hear: The impact of partisan news exposure on political participation},
  author={Dilliplane, Susanna},
  journal={Public Opinion Quarterly},
  volume={75},
  number={2},
  pages={287--316},
  year={2011},
  publisher={AAPOR}
}

@article{dilliplane2014activation,
  title={Activation, conversion, or reinforcement? The impact of partisan news exposure on vote choice},
  author={Dilliplane, Susanna},
  journal={American Journal of Political Science},
  volume={58},
  number={1},
  pages={79--94},
  year={2014},
  publisher={Wiley Online Library}
}

@article{dixon2000overrepresentation,
  title={Overrepresentation and underrepresentation of African Americans and Latinos as lawbreakers on television news},
  author={Dixon, Travis Lemar and Linz, Daniel},
  journal={Journal of communication},
  volume={50},
  number={2},
  pages={131--154},
  year={2000},
  publisher={Wiley Online Library}
}

@book{egan2013,
    Author = {Egan, Patrick J},
    Date-Added = {2014-08-09 19:19:32 +0000},
    Date-Modified = {2014-08-09 19:19:36 +0000},
    Publisher = {Cambridge University Press},
    Title = {Partisan Priorities: How Issue Ownership Drives and Distorts American Politics},
    Year = {2013}}

@book{eldridge1997,
    Author = {Eldridge, John and Kitzinger, Jenny and Williams, Kevin},
    Publisher = {Oxford University Press},
    Title = {The Mass Media And Power In Modern Britain },
    Year = {1997}}

@book{enelow1984,
    Author = {Enelow, J.M. and Hinich, M.J.},
    Date-Added = {2014-02-26 23:32:14 +0000},
    Date-Modified = {2014-02-26 23:32:14 +0000},
    Publisher = {Cambridge Univ Pr},
    Title = {The spatial theory of voting: An introduction},
    Year = {1984}}


@article{erikson1976,
    Author = {Erikson, Robert S.},
    Journal = {American Journal of Political Science},
    Number = {May},
    Pages = {207-233},
    Title = {The Influence of Newspaper Endorsements in Presidential Elections: The Case of 1964},
    Volume = {20},
    Year = {1976}}


@book{erikson2002,
    Author = {Erikson, Robert S. and Mackuen, Michael B. and Stimson, James A.},
    Publisher = {Cambridge University Press},
    Title = {The Macro Policy},
    Year = {2002}}

@book{festinger1957,
    Author = {Festinger, Leon},
    Date-Added = {2014-02-28 04:02:11 +0000},
    Date-Modified = {2014-02-28 04:02:25 +0000},
    Publisher = {Stanford university press},
    Title = {A theory of cognitive dissonance},
    Year = {1962}}


@article{flaxman2014,
  title={Ideological segregation and the effects of social media on news consumption},
  author={Flaxman, Seth and Goel, Sharad and Rao, Justin M},
  journal={Available at SSRN 2363701},
  year={2014}}

@article{galvis2016,
    Author = {Galvis, \'{A}ngela Fonseca and Snyder, Jr., James M. and Song, B.K.},
    Journal = {The Journal of Politics},
    Number = {2},
    Pages = {},
    Title = {Newspaper Market Structure and Behavior: Partisan Coverage of Political Scandals in the United States from 1870 to 1910},
    Volume = {78},
    Year = {2016}}


@article{gasper2011,
    Author = {Gasper, John T},
    Date-Added = {2014-08-11 23:44:22 +0000},
    Date-Modified = {2014-08-11 23:44:26 +0000},
    Journal = {International Quarterly Journal of Political Science},
    Number = {1},
    Pages = {85--102},
    Publisher = {now publishers},
    Title = {Shifting ideologies? Re-examining media bias},
    Volume = {6},
    Year = {2011}}


@article{garrett2009,
    Author = {Garrett, R Kelly},
    Journal = {Journal of Computer-Mediated Communication},
    Number = {2},
    Pages = {265--285},
    Publisher = {Wiley Online Library},
    Title = {Echo chambers online?: Politically motivated selective exposure among Internet news users1},
    Volume = {14},
    Year = {2009}}


@book{glasgow1976,
    Author = {{Glasgow Media Group}},
    Publisher = {Routledge Press},
    Title = {Bad News},
    Year = {1976}}

@book{glasgow1980,
    Author = {{Glasgow Media Group}},
    Publisher = {Routledge Press},
    Title = {More Bad News},
    Year = {1980}}

@book{glasgow1982,
    Author = {{Glasgow Media Group}},
    Publisher = { Writers and Readers Co-operative},
    Title = {Really Bad News},
    Year = {1982}}

@book{gelman2013,
    Author = {Gelman, A. and Carlin, J.B. and Stern, H.S. and Rubin, D.B.},
    Date-Added = {2014-02-26 23:32:48 +0000},
    Date-Modified = {2014-02-26 23:32:48 +0000},
    Publisher = {Chapman \& Hall/CRC},
    Title = {Bayesian data analysis, 3rd Edition},
    Year = {2013}}


@techreport{gentzkow2005,
    Author = {Gentzkow, Matthew and Shapiro, Jesse},
    Institution = {National Bureau of Economic Research},
    Title = {Media bias and reputation},
    Year = {2005}}

@article{gentzkow2010,
    Author = {Gentzkow, Matthew and Shapiro, Jesse M},
    Journal = {Econometrica},
    Number = {1},
    Pages = {35--71},
    Publisher = {Wiley Online Library},
    Title = {What drives media slant? Evidence from US daily newspapers},
    Volume = {78},
    Year = {2010}}

@article{gentzkow2011,
    Author = {Gentzkow, Matthew and Shapiro, Jesse M},
    Date-Added = {2014-08-09 16:37:25 +0000},
    Date-Modified = {2014-08-09 16:37:25 +0000},
    Journal = {The Quarterly Journal of Economics},
    Number = {4},
    Pages = {1799--1839},
    Publisher = {Oxford University Press},
    Title = {Ideological segregation online and offline},
    Volume = {126},
    Year = {2011}}

@article{gentzkow2015measuring,
  title={Measuring polarization in high-dimensional data: Method and application to congressional speech},
  author={Gentzkow, Matthew and Shapiro, Jesse M and Taddy, Matt},
  year={2015},
  publisher={Citeseer}
}

@book{gilens2009americans,
  title={Why Americans hate welfare: Race, media, and the politics of antipoverty policy},
  author={Gilens, Martin},
  year={2009},
  publisher={University of Chicago Press}
}

@article{gilliam2000prime,
  title={Prime suspects: The influence of local television news on the viewing public},
  author={Gilliam Jr, Franklin D and Iyengar, Shanto},
  journal={American Journal of Political Science},
  pages={560--573},
  year={2000},
  publisher={JSTOR}
}

@techreport{goetzmann2016crash,
  title={Crash Beliefs From Investor Surveys},
  author={Goetzmann, William N and Kim, Dasol and Shiller, Robert J},
  year={2016},
  institution={National Bureau of Economic Research}
}

@inproceedings{golbeck2011,
    Author = {Golbeck, Jennifer and Hansen, Derek},
    Booktitle = {Proceedings of the SIGCHI Conference on Human Factors in Computing Systems},
    Organization = {ACM},
    Pages = {1105--1108},
    Title = {Computing political preference among twitter followers},
    Year = {2011}}

@book{goldberg2001,
    Author = {Goldberg, Bernard},
    Publisher = {Regnery Publishing},
    Title = {Bias: A CBS Insider Exposes How the Media Distort the News},
    Year = {2001}}

@book{graber2014,
    Author = {Graber, Doris and Dunaway, Johanna},
    Publisher = {Congressional Quarterly Press},
    Title = {Mass Media and American Politics},
    Edition = {9th},
    Year = {2014}}

@article{groseclose1999,
    Author = {Groseclose, Tim and Steven D. Levitt and James M. Snyder Jr.},
    Journal = {American Political Science Review},
    Number = {March},
    Pages = {33--50},
    Title = {Comparing Interest Group Scores across Time and Chambers: Adjusted ADA Scores for the U.S. Congress},
    Volume = {93},
    Year = {1999}}

@article{groseclose2005,
    Author = {Groseclose, Tim and Milyo, Jeffrey},
    Journal = {The Quarterly Journal of Economics},
    Number = {4},
    Pages = {1191--1237},
    Publisher = {Oxford University Press},
    Title = {A measure of media bias},
    Volume = {120},
    Year = {2005}}

@book{groseclose2011,
    Author = {Groseclose, Tim},
    Publisher = {St. Martin's Press},
    Title = {Left Turn: How Liberal Media Bias Distorts the American Mind},
    Year = {2011}}

@book{greenacre1984,
    Author = {Greenacre, Michael J},
    Date-Added = {2014-03-19 04:07:54 +0000},
    Date-Modified = {2014-03-19 04:07:58 +0000},
    Title = {Theory and applications of correspondence analysis},
    Year = {1984}}


@book{greenacre2010,
    Author = {Greenacre, Michael},
    Date-Added = {2014-03-19 04:10:08 +0000},
    Date-Modified = {2014-03-19 04:10:12 +0000},
    Publisher = {CRC Press},
    Title = {Correspondence analysis in practice},
    Year = {2010}}

@article{gross2006covering,
  title={Covering crime in Washington, DC: Examining the nature of local television news coverage of crime and its effect on emotional response},
  author={Gross, Kimberly},
  year={2006},
  publisher={Citeseer}
}

@article{guyon2002,
    Author = {Guyon, Isabelle and Weston, Jason and Barnhill, Stephen and Vapnik, Vladimir},
    Journal = {Machine Learning},
    Number = {},
    Pages = {389-422},
    Publisher = {Oxford University Press},
    Title = {Gene Selection for Cancer Classification using Support Vector Machines},
    Volume = {46},
    Year = {2002}}

@article{habel2012,
    Author = {Habel, Philip D},
    Date-Added = {2014-03-24 12:15:34 +0000},
    Date-Modified = {2014-03-24 12:15:34 +0000},
    Journal = {Political Communication},
    Number = {3},
    Pages = {257--277},
    Publisher = {Taylor \&amp; Francis},
    Title = {Following the Opinion Leaders? The Dynamics of Influence Among Media Opinion, the Public, and Politicians},
    Volume = {29},
    Year = {2012}}


@techreport{hale2012,
    Author = {Hale, S.A. and Gaffney, D. and Graham, M.},
    Date-Added = {2014-02-26 23:32:52 +0000},
    Date-Modified = {2014-02-26 23:32:52 +0000},
    Institution = {Working paper},
    Title = {Where in the world are you? Geolocation and language identification in Twitter},
    Year = {2012}}

@book{hallin2004,
    Author = {Hallin, Daniel C and Mancini, Paolo},
    Publisher = {Cambridge University Press},
    Title = {Comparing Media Systems: Three Models of Media and Politics},
    Year = {2004}}

@book{hallin2011comparing,
  title={Comparing media systems beyond the Western world},
  author={Hallin, Daniel C and Mancini, Paolo},
  year={2011},
  publisher={Cambridge University Press}
}

@inproceedings{hecht2011,
    Author = {Hecht, B. and Hong, L. and Suh, B. and Chi, E.H.},
    Booktitle = {Proceedings of the 2011 annual conference on Human factors in computing systems},
    Date-Added = {2014-02-26 23:32:52 +0000},
    Date-Modified = {2014-02-26 23:32:52 +0000},
    Organization = {ACM},
    Pages = {237--246},
    Title = {Tweets from Justin Bieber's heart: the dynamics of the location field in user profiles},
    Year = {2011}}


@book{henry2011robert,
  title={Robert's rules of order newly revised},
  author={Robert, Henry Martyn and Robert, Sarah Corbin and Honemann, Daniel H},
  year={2011},
  publisher={Da Capo Press}
}

@article{ho2008,
    Author = {Ho, Daniel E and Quinn, Kevin M.},
    Journal = {Quarterly Journal of Political Science},
    Number = {4},
    Pages = {353--377},
    Publisher = {Mike Casey},
    Title = {Measuring explicit political positions of media},
    Volume = {3},
    Year = {2008}}


@book{hindman2008,
  title={The myth of digital democracy},
  author={Hindman, Matthew},
  year={2008},
  publisher={Princeton University Press}
}


@article{hoff2002,
    Author = {Hoff, Peter D and Raftery, Adrian E and Handcock, Mark S},
    Date-Added = {2014-02-26 23:32:19 +0000},
    Date-Modified = {2014-02-26 23:32:19 +0000},
    Journal = {Journal of the American Statistical Association},
    Number = {460},
    Pages = {1090--1098},
    Publisher = {Taylor \&amp; Francis},
    Title = {Latent space approaches to social network analysis},
    Volume = {97},
    Year = {2002}}


@article{hopkins2014,
    Author = {Hopkins, Daniel and Ladd, Jonathan M.},
    Journal = {Quarterly Journal of Political Science},
    Number = {1},
    Pages = {115-135},
    Title = {The Consequences of Broader Media Choice: Evidence from the Expansion of Fox News},
    Volume = {9},
    Year = {2014}}

@article{iyengar1987television,
  title={Television news and citizens' explanations of national affairs},
  author={Iyengar, Shanto},
  journal={American Political Science Review},
  volume={81},
  number={03},
  pages={815--831},
  year={1987},
  publisher={Cambridge Univ Press}
}

@article{iyengar2009,
    Author = {Iyengar, Shanto and Hahn, Kyu S},
    Journal = {Journal of Communication},
    Number = {1},
    Pages = {19--39},
    Publisher = {Wiley Online Library},
    Title = {Red media, blue media: Evidence of ideological selectivity in media use},
    Volume = {59},
    Year = {2009}}

@article{iyengar2012,
  title={Affect, not ideology a social identity perspective on polarization},
  author={Iyengar, Shanto and Sood, Gaurav and Lelkes, Yphtach},
  journal={Public opinion quarterly},
  volume={76},
  number={3},
  pages={405--431},
  year={2012},
  publisher={AAPOR}
}

@article{iyengar2015fear,
  title={Fear and loathing across party lines: New evidence on group polarization},
  author={Iyengar, Shanto and Westwood, Sean J},
  journal={American Journal of Political Science},
  volume={59},
  number={3},
  pages={690--707},
  year={2015},
  publisher={Wiley Online Library}
}
@inproceedings{jackman2012,
    Author = {Jackman, Simon and LaCour, Michael J and Lewis, Jeffrey B and Vavreck, Lynn},
    Booktitle = {APSA 2012 Annual Meeting Paper},
    Date-Added = {2014-08-09 17:16:34 +0000},
    Date-Modified = {2014-08-09 17:16:34 +0000},
    Title = {Digital fingerprints: A new method for measuring political advertising},
    Year = {2012}}


@unpublished{jackman2014,
    Author = {Jackman, S.},
    Date-Added = {2014-03-12 23:26:42 +0000},
    Date-Modified = {2014-03-12 23:26:56 +0000},
    Note = {Retrieved on March 11th, 2014},
    Title = {Estimates of Members' Preferences, 113th U.S. House and Senate},
    Year = {2014}}



@article{jessee2009,
    Author = {Jessee, Stephen A},
    Journal = {American Political Science Review},
    Number = {01},
    Pages = {59--81},
    Publisher = {Cambridge Univ Press},
    Title = {Spatial voting in the 2004 presidential election},
    Volume = {103},
    Year = {2009}}



 @Manual{jirka2016,
    title = {manifestoR: Access and Process Data and Documents of the Manifesto Project},
    author = {Jirka Lewandowski and Nicolas Merz},
    year = {2016},
    note = {R package version 1.2},
    url = {https://CRAN.R-project.org/package=manifestoR}}

@inproceedings{,
    Author = {},
    Booktitle = {Proceedings of the SIGCHI Conference on Human Factors in Computing Systems},
    Organization = {ACM},
    Pages = {1105--1108},
    Title = {Computing political preference among twitter followers},
    Year = {2011}}

@misc{khanna2015,
  author = {Khanna, Kabir and Sood, Gaurav},
  title = {Motivated Learning or Motivated Responding? Using Incentives to Distinguish Between the Two Processes},
  journal = {Annual Meeting of the Midwest Political Science Association},
  howpublished = {\url{http://gsood.com/research/papers/partisanlearning.pdf}},
  year = {2015}
}


@article{kosinski2013,
    Author = {Kosinski, Michal and Stillwell, David and Graepel, Thore},
    Date-Added = {2014-02-27 01:30:10 +0000},
    Date-Modified = {2014-02-27 01:30:10 +0000},
    Journal = {Proceedings of the National Academy of Sciences},
    Number = {15},
    Pages = {5802--5805},
    Publisher = {National Acad Sciences},
    Title = {Private traits and attributes are predictable from digital records of human behavior},
    Volume = {110},
    Year = {2013}}



@inproceedings{kwak2010,
    Author = {Kwak, Haewoon and Lee, Changhyun and Park, Hosung and Moon, Sue},
    Booktitle = {Proceedings of the 19th international conference on World wide web},
    Organization = {ACM},
    Pages = {591--600},
    Title = {What is Twitter, a social network or a news media?},
    Year = {2010}}

@inproceedings{lacour2013,
    Author = {LaCour, Michael J},
    Booktitle = {APSA 2013 Annual Meeting Paper},
    Title = {A Balanced Information Diet, Not Selective Exposure: Evidence from Erie to Arbitron},
    Year = {2013}}


@article{ladd2009,
    Author = {Ladd, Jonathan M. and Lenz, Gabriel S.},
    Journal = {British Journal of Political Science},
    Number = {2},
    Pages = {394-410},
    Title = {Exploiting a Rare Communication Shift to Document the Persuasive Power of the News Media},
    Volume = {53},
    Year = {2009}}

@book{ladd2011,
    Author = {Ladd, Jonathan M.},
    Publisher = {Princeton University Press},
    Title = {Why Americans Hate the Media and How It Matters},
    Year = {2011}}

@article{marx2009advanced,
  title={Advanced information access to parliamentary debates},
  author={Marx, Maarten},
  journal={Journal of Digital Information},
  volume={10},
  number={6},
  year={2009}
}

@misc{langford2007vowpal,
  author = {Langford, John},
  title = {Vowpal Wabbit},
  publisher = {GitHub},
  journal = {GitHub repository},
  howpublished = {\url{https://github.com/JohnLangford/vowpal_wabbit.git}},
  year = {2007}
}

@article{larcinese2011,
    Author = {Larcinese, Valentino and Puglisi, Riccardo and Snyder, Jr., James M.},
    Journal = {Journal of Public Economics},
    Number = {95},
    Pages = {1178-1189},
    Title = {Partisan Bias in Economic News: Evidence on the Agenda-Setting Behavior of U.S. Newspapers},
    Volume = {9-10},
    Year = {2011}}


@article{laver2003,
    Author = {Laver, Michael and Benoit, Kenneth and Garry, John},
    Journal = {American Political Science Review},
    Number = {02},
    Pages = {311--331},
    Publisher = {Cambridge University Press},
    Title = {Extracting policy positions from political texts using words as data},
    Volume = {97},
    Year = {2003}}

@book{lazarsfeld1944,
    Author = {Lazarsfeld, P.F. and Berelson, B. and Gaudet, H.},
    Date-Added = {2014-02-26 23:31:39 +0000},
    Date-Modified = {2014-02-26 23:31:39 +0000},
    Publisher = {New York: Duell, Sloan and Pearce},
    Title = {The peoples choice: How the voter makes up his mind in a presidential election},
    Year = {1944}}

@article{lord1979biased,
  title={Biased assimilation and attitude polarization: The effects of prior theories on subsequently considered evidence.},
  author={Lord, Charles G and Ross, Lee and Lepper, Mark R},
  journal={Journal of personality and social psychology},
  volume={37},
  number={11},
  pages={2098},
  year={1979},
  publisher={American Psychological Association}
}

@article{lowe2008,
    Author = {Lowe, Will},
    Date-Added = {2014-03-19 05:02:05 +0000},
    Date-Modified = {2014-03-19 05:02:09 +0000},
    Journal = {Political Analysis},
    Number = {4},
    Pages = {356--371},
    Publisher = {SPM-PMSAPSA},
    Title = {Understanding wordscores},
    Volume = {16},
    Year = {2008}}

@article{martin2014,
    author = {Martin, Gregory J and Yurukoglu, Ali},
    keywords = {broadbandpolarization},
    mendeley-tags = {broadbandpolarization},
    title = {{Bias in Cable News: Real Effects and Polarization}},
    NOOPurl  = {http://www.stanford.edu/~ayurukog/cable\_news.pdf},
    year = {2014}}

@article{maestas2014,
    Author = {Maestas, Cherie D and Buttice, Matthew K and Stone, Walter J},
    Date-Added = {2014-08-12 19:54:36 +0000},
    Date-Modified = {2014-08-12 19:54:48 +0000},
    Journal = {Political Analysis, forthcoming},
    Publisher = {SPM-PMSAPSA},
    Title = {Extracting Wisdom from Experts and Small Crowds: Strategies for Improving Informant-based              Measures of Political Concepts},
    Year = {2014}}

@book{mccarty2016polarized,
  title={Polarized America: The dance of ideology and unequal riches},
  author={McCarty, Nolan and Poole, Keith T and Rosenthal, Howard},
  year={2016},
  publisher={mit Press}
}

@inproceedings{morgan2013,
    Author = {Morgan, Jonathan Scott and Lampe, Cliff and Shafiq, Muhammad Zubair},
    Booktitle = {Proceedings of the 2013 conference on Computer supported cooperative work},
    Organization = {ACM},
    Pages = {887--896},
    Title = {Is news sharing on Twitter ideologically biased?},
    Year = {2013}}

@book{morton2005,
    Author = {Morton, Rebecca B.},
    Edition = {1st},
    Publisher = {W.W. Norton},
    Title = {Analyzing Elections},
    Year = {2005}}


@article{nenadic2007,
    Author = {O. Nenadic and M. Greenacre},
    Date-Added = {2014-03-19 04:06:24 +0000},
    Date-Modified = {2014-03-19 04:06:24 +0000},
    Journal = {Journal of Statistical Software},
    Number = {3},
    Pages = {1-13},
    Title = {Correspondence Analysis in R, with two- and three-dimensional graphics: The ca package},
    Url = {http://www.jstatsoft.org},
    Volume = {20},
    Year = {2007},
    Bdsk-Url-1 = {http://www.jstatsoft.org}}

@inproceedings{oken2012,
    Author = {Oken Hodas, N. and Lerman, K.},
    Booktitle = {Privacy, Security, Risk and Trust (PASSAT), 2012 International Conference on and 2012 International Confernece on Social Computing (SocialCom)},
    Date-Added = {2014-02-26 23:32:00 +0000},
    Date-Modified = {2014-02-26 23:32:00 +0000},
    Title = {How Visibility and Divided Attention Constrain Social Contagion},
    Year = {2012}}


@misc{orkent2004,
   author =       {Orkent, Daniel},
   title =        {THE PUBLIC EDITOR; Is The New York Times a Liberal Newspaper?},
   month =        {July},
   year =         {2004},
   url =          {\url{http://www.nytimes.com/2004/07/25/opinion/the-public-editor-is-the-new-york-times-a-liberal-newspaper.html?_r=0}},
   note =         {[Accessed 30 March 2016]},
 }

@article{petrocik1996,
    Author = {Petrocik, John R},
    Date-Added = {2014-08-09 19:19:03 +0000},
    Date-Modified = {2014-08-09 19:19:06 +0000},
    Journal = {American Journal of Political Science},
    Pages = {825--850},
    Publisher = {JSTOR},
    Title = {Issue ownership in presidential elections, with a 1980 case study},
    Year = {1996}}


@techreport{pew2004,
    Author = {Kohut, Andrew},
    Institution = {Pew Research Center for The People and The Press},
    Title = {How Journalists See Journalists},
    Year = {2004}}

@techreport{pew2008,
    Author = {Kohut, Andrew},
    Institution = {Pew Research Center for The People and The Press},
    Title = {State of the News Media},
    Year = {2008}}


@book{poole2007,
    Author = {Poole, K.T. and Rosenthal, H.},
    Date-Added = {2014-02-26 23:32:30 +0000},
    Date-Modified = {2014-02-26 23:32:30 +0000},
    Edition = {2nd edition},
    Publisher = {Transaction Pub},
    Title = {Ideology and Congress},
    Year = {2007}}

@article{prior2013media,
  title={Media and political polarization},
  author={Prior, Markus},
  journal={Annual Review of Political Science},
  volume={16},
  pages={101--127},
  year={2013},
  publisher={Annual Reviews}
}

@article{puglisi2011,
  title={Newspaper Coverage of Political Scandals},
  author={Puglisi, Riccardo and Snyder, Jr., James M.},
  journal={Journal of Politics},
  volume={73},
  number={3},
  pages={931-951},
  year={2011}
}

@article{puglisi2015,
  title={The Balanced US Press},
  author={Puglisi, Riccardo and Snyder, Jr., James M.},
  journal={Journal of the European Economic Association},
  volume={13},
  number={3},
  pages={240-264},
  year={2015}
}



@article{quinn2010,
  title={How to Analyze Political Attention with Minimal Assumptions and Costs},
  author={Quinn, Kevin M. and Monroe, Burt L. and Colaresi, Michael and Crespin, Michael H. and Radev, Dragomir R.},
  journal={American Journal of Political Science},
  volume={54},
  number={1},
  pages={209--228},
  year={2010},
}



@article{shaw1999inner,
  title={From the inner ring out: News congruence, cue-taking, and campaign coverage},
  author={Shaw, Daron R and Sparrow, Bartholomew H},
  journal={Political Research Quarterly},
  volume={52},
  number={2},
  pages={323--351},
  year={1999},
  publisher={Sage Publications}
}


@inproceedings{sim2013measuring,
  title={Measuring ideological proportions in political speeches},
  author={Sim, Yanchuan and Acree, Brice DL and Gross, Justin H and Smith, Noah A},
  booktitle={Proceedings of EMNLP},
  year={2013}
}

@inproceedings{sood2015,
  title={Measures of Ideology: Agendas, and Positions on Agendas},
  author={Sood, Gaurav and Guess, Andy},
  booktitle={New Directions in Text as Data Analysis},
  year={2015}
}

@article{sood2016,
  title={Don't Expose Yourself: Discretionary Exposure to Political Information},
  author={Sood, Gaurav and Lelkes, Yphtach},
  year={2016}
}



@article{stroud2008,
    Author = {Stroud, Natalie Jomini},
    Journal = {Political Behavior},
    Number = {3},
    Pages = {341--366},
    Publisher = {Springer},
    Title = {Media use and political predispositions: Revisiting the concept of selective exposure},
    Volume = {30},
    Year = {2008}}

@book{stroud2011,
    Author = {Stroud, Natalie Jomini},
    Publisher = {Oxford University Press},
    Title = {Niche News: The Politics of News Choice},
    Year = {2011}}


@article{tausanovitch2013,
    Author = {Tausanovitch, Chris and Warshaw, Christopher},
    Journal = {The Journal of Politics},
    Number = {02},
    Pages = {330--342},
    Publisher = {Cambridge Univ Press},
    Title = {Measuring Constituent Policy Preferences in Congress, State Legislatures, and Cities},
    Volume = {75},
    Year = {2013}}

@article{ter1985,
  title={Correspondence analysis of incidence and abundance data: properties in terms of a unimodal response model},
  author={ter Braak, Cajo JF},
  journal={Biometrics},
  pages={859--873},
  year={1985},
  publisher={JSTOR}
}



@article{tewksbury2005,
  title={The seeds of audience fragmentation: Specialization in the use of online news sites},
  author={Tewksbury, David},
  journal={Journal of broadcasting \& electronic media},
  volume={49},
  number={3},
  pages={332--348},
  year={2005},
  publisher={Taylor \& Francis}
}

@unpublished{toff2013,
    Author = {Toff, Benjamin J and Kim, Young Mie},
    Note = {Unpublished manuscript},
    Title = {Words That Matter: Twitter and Partisan Polarization},
    Year = {2013}}

@article{vallone1985hostile,
  title={The hostile media phenomenon: biased perception and perceptions of media bias in coverage of the Beirut massacre.},
  author={Vallone, Robert P and Ross, Lee and Lepper, Mark R},
  journal={Journal of personality and social psychology},
  volume={49},
  number={3},
  pages={577},
  year={1985},
  publisher={American Psychological Association}
}

@article{vanderlinden1997,
    Author = {Linden, W.J. and Hamlbleton, RK},
    Date-Added = {2014-02-26 23:32:24 +0000},
    Date-Modified = {2014-02-26 23:32:24 +0000},
    Journal = {Journal of the Royal Statistical Society-Series A Statistics in Society},
    Number = {3},
    Pages = {596},
    Publisher = {London: Royal Statistical Society, 1988-},
    Title = {Handbook of modern item response theory},
    Volume = {160},
    Year = {1997}}



@book{weaver2009,
    Author = {Weaver, David H and Beam, Randal A and Brownlee, Bonnie J and Voakes, Paul S and Wilhoit, G Cleveland},
    Publisher = {Routledge},
    Title = {The American journalist in the 21st century: US news people at the dawn of a new millennium},
    Year = {2009}
}

@unpublished{wong2013,
    Author = {Wong, Felix Ming Fai and Tan, Chee Wei and Sen, Soumya and Chiang, Mung},
    Note = {Unpublished manuscript},
    Title = {Quantifying Political Leaning from Tweets and Retweets},
    Year = {2013}
}


@article{young2012,
  title={Affective News: The Automated Coding of Sentiment in Political Texts},
  author={Young, L and Soroka S},
  journal={Journal of personality and social psychology},
  volume={29},
  number={},
  pages={205--231},
  year={2012}
}





@article{zou2005regularization,
  title={Regularization and variable selection via the elastic net},
  author={Zou, Hui and Hastie, Trevor},
  journal={Journal of the Royal Statistical Society: Series B (Statistical Methodology)},
  volume={67},
  number={2},
  pages={301--320},
  year={2005},
  publisher={Wiley Online Library}
}
